<?xml version="1.0" encoding="UTF-8"?><collection><record><leader>07870ntm a2200649 a 4500</leader><controlfield tag="001">006821979</controlfield><controlfield tag="003">MiAaHDL</controlfield><controlfield tag="005">20190719000000.0</controlfield><controlfield tag="006">m        d        </controlfield><controlfield tag="007">cr bn ---auaua</controlfield><controlfield tag="008">090623s1700    tu            00| ||ota d</controlfield><datafield tag="035" ind1=" " ind2=" "><subfield code="a">(MiU)006821979</subfield></datafield><datafield tag="035" ind1=" " ind2=" "><subfield code="a">sdr-miu006821979</subfield></datafield><datafield tag="040" ind1=" " ind2=" "><subfield code="a">MiU</subfield><subfield code="c">MiU</subfield><subfield code="e">amremm</subfield></datafield><datafield tag="041" ind1="0" ind2=" "><subfield code="a">ota</subfield></datafield><datafield tag="043" ind1=" " ind2=" "><subfield code="a">n-us-mi</subfield></datafield><datafield tag="100" ind1="0" ind2=" "><subfield code="6">880-01</subfield><subfield code="a">Ahmet İshak Hocası,</subfield><subfield code="d">-1708.</subfield></datafield><datafield tag="245" ind1="1" ind2="0"><subfield code="6">880-03</subfield><subfield code="a">Akvemü'l-vesail fi tercümetü'ş-Şemail,</subfield><subfield code="f">[1112, i.e. 1700].</subfield></datafield><datafield tag="246" ind1="3" ind2=" "><subfield code="a">Ekvamül-Vesâil fî Tercemetiş-Şemâil</subfield></datafield><datafield tag="246" ind1="3" ind2=" "><subfield code="a">Akvem ül-vesail</subfield></datafield><datafield tag="246" ind1="3" ind2=" "><subfield code="a">Aqwam al-wasāʼil fī tarjamat al-Shamāʼil</subfield></datafield><datafield tag="246" ind1="3" ind2=" "><subfield code="a">Akvemü'l-vesail fi tercemeti'ş-şemail</subfield></datafield><datafield tag="246" ind1="3" ind2=" "><subfield code="i">Edge title (tail):</subfield><subfield code="a">اقوم الوسائل فى ترجمه الشمائل</subfield></datafield><datafield tag="260" ind1=" " ind2=" "><subfield code="a">[Bursa?,</subfield><subfield code="c">1700].</subfield></datafield><datafield tag="300" ind1=" " ind2=" "><subfield code="a">496 leaves :</subfield><subfield code="b">paper ;</subfield><subfield code="c">210 x 125 (130 x 60) mm.</subfield></datafield><datafield tag="500" ind1=" " ind2=" "><subfield code="a">Shelfmark: Ann Arbor, University of Michigan, Special Collections Library, Isl. Ms. 380</subfield></datafield><datafield tag="500" ind1=" " ind2=" "><subfield code="a">Origin: As appears in colophon on pp.990-991, copied by Mahmut, the translator/author's son, for the vizier Hazret Osman Paşa ( حضرت عثمان پاشا) with transcription completed 1 Ṣafar 1112 [ca. 18 July 1700].</subfield></datafield><datafield tag="500" ind1=" " ind2=" "><subfield code="a">Accompanying materials: Slip of blue wove paper carrying notes in black ink (between pp.202-203).</subfield></datafield><datafield tag="500" ind1=" " ind2=" "><subfield code="a">Former shelfmark: "٢٤٧" in black ink on spine label ; "362 T. De M. [i.e. Tammaro De Marinis] on verso of front flyleaf.</subfield></datafield><datafield tag="500" ind1=" " ind2=" "><subfield code="a">Binding: Pasteboards covered in tan / light brown leather framed in black leather (over spine, fore edge flap, and edges/turn-ins) ; Type II binding (with flap) ; doublures / pastedowns and flyleaves in heavy laid paper with a speckled ebru design (marbled) in red, white, blue, green, purple, and black ; upper and lower covers carry blind-stamped (with gold-painted, red recessed onlays) scalloped mandorla and pendants, as well as wide, tooled and gold-painted border in a series of s-shaped stamps (forming guilloché roll) flanked by gold rules ; design continues on flap ; sewn in blue thread, broken for many of the gatherings in the first half of the text and sometimes repaired with red thread ; worked chevron endbands in brown and light blue, losses exposing cores of head and tailband ; overall in fair condition with minor abrasion, lifting (particularly where cover flanges overlap on spine) and losses of leather, envelope flap detaching from fore edge flap, etc.</subfield></datafield><datafield tag="500" ind1=" " ind2=" "><subfield code="a">Support: European laid paper of at least three types ; first type with roughly 11 laid lines per cm. (horizontal) and chain lines (vertical) roughly 28 mm. apart, well-burnished, thick and creamy (see p.20, etc.) ; second type with roughly 14 laid lines per cm. (horizontal) and chain lines (vertical) spaced roughly 23 mm. apart, well-burnished, thin and crisp, scrollwork / arms watermark (see p.571, etc.) ; third type with roughly 13 laid lines per cm. (horizontal) and chain lines (vertical) spaced roughly 14 mm. apart, well-burnished, thin and crisp, watermark with grapes surmounted by a cartouche with "...RBE..." written inside surmounted by a crown (compare to Heawood 2385, see p.791, etc.).</subfield></datafield><datafield tag="500" ind1=" " ind2=" "><subfield code="a">Decoration: Elegant illuminated headpiece (ʻunwān / sarlawḥ) at opening on p.4 consisting of rectangular piece with empty gold cartouche flanked by floral vegetal accents in green and red on a gold ground, surmounted by a scalloped, semi-circular piece (dome) with floral floral designs in pink, lavender, red, and teal on a gold ground, itself surmounted by delicate vertical stalks (tīgh) in dark blue and flecked with gold above ; entire piece set in a well of white crosses on a thin red band ; text of written area surrounded by frame consisting of a heavy gold band flanked by black fillets and outermost gold rule ; section headings, keywords, notabilia and some vocalization rubricated ; overlining in red ; textual dividers in the form of discs and inverted commas in gold (incipit and facing page, pp.4-5) and red ; edges of text block decorated with floral-vegetal motifs in gold.</subfield></datafield><datafield tag="500" ind1=" " ind2=" "><subfield code="a">Script: Nastaʻlīq (talik) ; elegant Ottoman hand in a medium line ; serifless with effect of words descending to baseline and elongated horizontal strokes, fully vocalized at times.</subfield></datafield><datafield tag="500" ind1=" " ind2=" "><subfield code="a">Layout: Written in 19 lines per page ; frame-ruled.</subfield></datafield><datafield tag="500" ind1=" " ind2=" "><subfield code="a">Collation: ii, IV+1 (9), 48 V (489), III+1 (496), ii ; chiefly quinions ; oblique catchwords on the verso of each leaf ; pagination in pencil, Western numerals, supplied during cataloguing.</subfield></datafield><datafield tag="500" ind1=" " ind2=" "><subfield code="a">Colophon: "Scribal," rectangular, reads "قد استراحت قديمة القلم عن السياحت في ميادين الرقم ... على يد افقر من مشى تحت الخضرا... محمود ابن مترجم هذا الكتاب المستطاب ... وجعله هدية لخزانة كتب الوزير المكرم والدستور المفخم ... حضرت عثمن پاشا اناله الله بما يحبه ويشا وكثر من المستعدين من اولاه وجعل اخراه اولى من اوليه ... حرر في غرة صفر المظفر ختم بالخير والظفر من شهور سنه اثنى وعشرة و مائة بعد الالف من هجره من انزل عليه القران حرفا بعد حرف"</subfield></datafield><datafield tag="500" ind1=" " ind2=" "><subfield code="a">Explicit: "وضلع امرأه ايله تعبير اولنور زيرا رسول اكرم غرابه فاسق الطلاق ومراه يي ضلعه تشبيه بيورديلر والله اعلم وصلى الله على سيدنا محمد وله و صحبه اجمعين"</subfield></datafield><datafield tag="500" ind1=" " ind2=" "><subfield code="a">Incipit: "ان احسن الاحاديث بعد الحمد لمن جعل السقف الاخضر مرفوعا ... وبعد بو كمينۀ كم بضاعه وفقير قصير الباعه ..."</subfield></datafield><datafield tag="500" ind1=" " ind2=" "><subfield code="a">Title from titlepiece on 'title page' (p.3).</subfield></datafield><datafield tag="500" ind1=" " ind2=" "><subfield code="a">Ms. codex.</subfield></datafield><datafield tag="510" ind1="4" ind2=" "><subfield code="a">Brockelmann, C. GAL,</subfield><subfield code="c">I 162</subfield></datafield><datafield tag="510" ind1="4" ind2=" "><subfield code="a">Sezgin, F. GAS,</subfield><subfield code="c">i 159 (27)</subfield></datafield><datafield tag="520" ind1="8" ind2=" "><subfield code="a">Elegant copy of the extensive Ottoman Turkish rendering (with commentary) by İshak Hocası Ahmet b. Heyreddin (d.1708) of al-Tirmidhī's (d.892) Kitāb al-Shamāʼil, a collection of traditions comprising the Prophet’s characteristics. Copy apparently executed by the author's son (see colophon) and collated by the author himself (see collation statement on p.1). Descriptive contributions from Nick Krabbenhoeft.</subfield></datafield><datafield tag="538" ind1=" " ind2=" "><subfield code="a">Mode of access: Internet.</subfield></datafield><datafield tag="541" ind1=" " ind2=" "><subfield code="c">Purchase ;</subfield><subfield code="a">Acquired by purchase (funds donated by Horace Rackham).</subfield><subfield code="d">1924.</subfield></datafield><datafield tag="546" ind1=" " ind2=" "><subfield code="a">Ottoman Turkish.</subfield></datafield><datafield tag="561" ind1=" " ind2=" "><subfield code="a">Collation statement in decorative 'frontispiece' at opening of codex (p.1) apparently entered and signed by the author ; patronage statement in colophon at close on p.990 indicates that copy was executed for the library of Hazret Osman Paşa (حضرت عثمان پاشا) ; numerous marginal glosses, notabilia (mainly rubricated), and corrections.</subfield></datafield><datafield tag="600" ind1="0" ind2="0"><subfield code="a">Muḥammad,</subfield><subfield code="c">Prophet,</subfield><subfield code="d">-632</subfield><subfield code="v">Biography</subfield><subfield code="v">Early works to 1800.</subfield></datafield><datafield tag="600" ind1="1" ind2="0"><subfield code="6">880-04</subfield><subfield code="a">Tirmidhī, Muḥammad ibn ʻĪsá,</subfield><subfield code="d">-892.</subfield><subfield code="t">Shamāʼil.</subfield></datafield><datafield tag="650" ind1=" " ind2="0"><subfield code="a">Manuscripts, Turkish</subfield><subfield code="z">Michigan</subfield><subfield code="z">Ann Arbor.</subfield></datafield><datafield tag="650" ind1=" " ind2="0"><subfield code="a">Hadith</subfield><subfield code="v">Commentaries</subfield><subfield code="v">Early works to 1800.</subfield></datafield><datafield tag="655" ind1=" " ind2="7"><subfield code="a">Headpieces (layout features)</subfield><subfield code="y">18th century.</subfield><subfield code="2">aat</subfield></datafield><datafield tag="700" ind1="0" ind2=" "><subfield code="a">Abdülhamid</subfield><subfield code="b">II,</subfield><subfield code="c">Sultan of the Turks,</subfield><subfield code="d">1842-1918,</subfield><subfield code="e">former owner.</subfield></datafield><datafield tag="700" ind1="0" ind2=" "><subfield code="6">880-06</subfield><subfield code="a">Osman Paşa,</subfield><subfield code="d">fl. 1700,</subfield><subfield code="e">patron.</subfield></datafield><datafield tag="700" ind1="0" ind2=" "><subfield code="6">880-05</subfield><subfield code="a">Mahmut bin İshak Hocası Ahmet Efendi,</subfield><subfield code="d">fl.1700,</subfield><subfield code="e">scribe.</subfield></datafield><datafield tag="773" ind1="0" ind2=" "><subfield code="a">Abdul Hamid Collection.</subfield></datafield><datafield tag="880" ind1="0" ind2=" "><subfield code="6">700-06/</subfield><subfield code="a">عثمان پاشا,</subfield><subfield code="e">راع.</subfield></datafield><datafield tag="880" ind1="0" ind2=" "><subfield code="6">700-05/</subfield><subfield code="a">محمود ابن اسحق خواجه سى احمد افندى,</subfield><subfield code="e">ناسخ.</subfield></datafield><datafield tag="880" ind1="1" ind2="0"><subfield code="6">245-03/</subfield><subfield code="a">اقوم الوسائل فى ترجمة الشمائل,</subfield><subfield code="f">[1112ه، 1700م].</subfield></datafield><datafield tag="880" ind1="0" ind2=" "><subfield code="6">100-01/</subfield><subfield code="a">احمد اسحق خواجه سى.</subfield></datafield><datafield tag="CID" ind1=" " ind2=" "><subfield code="a">006821979</subfield></datafield><datafield tag="DAT" ind1="0" ind2=" "><subfield code="a">20190719102640.0</subfield><subfield code="b">20190719000000.0</subfield></datafield><datafield tag="DAT" ind1="1" ind2=" "><subfield code="a">20190719090653.0</subfield><subfield code="b">2019-07-19T16:12:09Z</subfield></datafield><datafield tag="DAT" ind1="2" ind2=" "><subfield code="a">2015-10-02T18:00:03Z</subfield></datafield><datafield tag="CAT" ind1=" " ind2=" "><subfield code="a">SDR-MIU</subfield><subfield code="d">EX LIBRIS - ALEPH</subfield><subfield code="l">prepare.pl-004-008</subfield></datafield><datafield tag="FMT" ind1=" " ind2=" "><subfield code="a">BK</subfield></datafield><datafield tag="HOL" ind1=" " ind2=" "><subfield code="0">sdr-miu006821979</subfield><subfield code="a">MiU</subfield><subfield code="b">SDR</subfield><subfield code="c">MIU</subfield><subfield code="p">mdp.39015079130475</subfield><subfield code="s">MIU</subfield><subfield code="1">006821979</subfield></datafield><datafield tag="974" ind1=" " ind2=" "><subfield code="b">MIU</subfield><subfield code="c">MIU</subfield><subfield code="d">20190719</subfield><subfield code="s">lit-dlps-dc</subfield><subfield code="u">mdp.39015079130475</subfield><subfield code="y">1700</subfield><subfield code="r">pd</subfield><subfield code="q">bib</subfield><subfield code="t">non-US bib date1 &lt; 1879</subfield></datafield></record></collection>